@INPROCEEDINGS{Bab, 
author={M. A. {Babar} and I. {Gorton} and R. {Jeffery}}, 
booktitle={Fifth International Conference on Quality Software (QSIC'05)}, 
title={Capturing and using software architecture knowledge for architecture-based software development}, 
year={2005}, 
volume={}, 
number={}, 
pages={169-176}, 
keywords={software architecture;software quality;software reusability;software process improvement;knowledge management;Internet;software tools;software architecture;software development;Web-based architecture;knowledge management tool;software quality;software reuse;process improvement;experience factory;Software architecture;Programming;Computer architecture;Knowledge management;Software quality;Production facilities;Documentation;Software engineering;Australia;Software development management;Software architecture;software quality;knowledge management;software reuse;process;improvement;experience factory}, 
doi={10.1109/QSIC.2005.17}, 
ISSN={1550-6002}, 
month={Sep.},}
@INPROCEEDINGS{Arc, 
author={D. {Arcelli} and V. {Cortellessa} and D. {Di Pompeo}}, 
booktitle={2018 IEEE International Conference on Software Architecture Companion (ICSA-C)}, 
title={Performance-Driven Software Architecture Refactoring}, 
year={2018}, 
volume={}, 
number={}, 
pages={2-3}, 
keywords={software architecture;software maintenance;software performance evaluation;performance requirements;architectural evolutions;performance-driven software architecture refactoring;performance engineering;Software architecture;Tutorials;Software performance;Quality of service;Tools;Computer architecture;Software Refactoring;Software Performance Engineering;Software Architecture}, 
doi={10.1109/ICSA-C.2018.00006}, 
ISSN={}, 
month={April},}
@INPROCEEDINGS{Bas, 
author={L. {Bass} and P. {Clements} and R. {Kazman} and M. {Klein}}, 
booktitle={Seventh Working IEEE/IFIP Conference on Software Architecture (WICSA 2008)}, 
title={Evaluating the Software Architecture Competence of Organizations}, 
year={2008}, 
volume={}, 
number={}, 
pages={249-252}, 
keywords={software architecture;software architecture competence;organizational coordination theory;Software architecture;Computer architecture;Humans;Software engineering;USA Councils;Software measurement;Software systems;Instruments;Software design;Software architecture;software architecture competence;organizational software architecture competence}, 
doi={10.1109/WICSA.2008.12}, 
ISSN={}, 
month={Feb},}