@book{SBol,
	author = {Bolanos S.},
	title = {Metaroceso de Software},	
}
